<?xml version='1.0' encoding='UTF-8'?>
<record xmlns="http://www.loc.gov/MARC21/slim">
  <leader>00680cam a22002055  4500</leader>
  <controlfield tag="001">2911723</controlfield>
  <controlfield tag="003">NjP</controlfield>
  <controlfield tag="005">20171102172045.0</controlfield>
  <controlfield tag="008">880525s1967    ir            000 0 ara d</controlfield>
  <datafield tag="024" ind1="7" ind2=" ">
    <subfield code="a">princeton_aco001905</subfield>
    <subfield code="2">local</subfield>
  </datafield>
  <datafield ind1=" " ind2=" " tag="035">
    <subfield code="a">(OCoLC)ocm17998918</subfield>
  </datafield>
  <datafield ind1=" " ind2=" " tag="035">
    <subfield code="9">CPD6375TS</subfield>
  </datafield>
  <datafield ind1=" " ind2=" " tag="040">
    <subfield code="a">CLU</subfield>
    <subfield code="c">CLU</subfield>
    <subfield code="d">PUL</subfield>
  </datafield>
  <datafield ind1="1" ind2=" " tag="100">
    <subfield code="a">Murtazavi, Hasan.</subfield>
  </datafield>
  <datafield ind1="1" ind2="0" tag="245">
    <subfield code="a">Malikiyat va tahdid-i an dar islam.</subfield>
  </datafield>
  <datafield ind1=" " ind2=" " tag="260">
    <subfield code="a">[Tihran,</subfield>
    <subfield code="c">1346/1967]</subfield>
  </datafield>
  <datafield ind1=" " ind2=" " tag="300">
    <subfield code="a">547 p.</subfield>
  </datafield>
  <datafield ind1=" " ind2="0" tag="650">
    <subfield code="a">Property (Islamic law)</subfield>
    <subfield code="0">http://id.loc.gov/authorities/subjects/sh85107508</subfield>
  </datafield>
  <datafield ind1=" " ind2="0" tag="650">
    <subfield code="a">Islamic law.</subfield>
    <subfield code="0">http://id.loc.gov/authorities/subjects/sh85068454</subfield>
  </datafield>
  <datafield ind1=" " ind2=" " tag="945">
    <subfield code="a">SY</subfield>
    <subfield code="b">1</subfield>
    <subfield code="c">2469.7415.361</subfield>
  </datafield>
  <datafield ind1=" " ind2=" " tag="911">
    <subfield code="a">20000402</subfield>
  </datafield>
  <datafield ind1="0" ind2="0" tag="852">
    <subfield code="0">3226072</subfield>
    <subfield code="b">nec</subfield>
    <subfield code="t">1</subfield>
    <subfield code="h">KBP640.32</subfield>
    <subfield code="i">.M878 1967</subfield>
  </datafield>
  <datafield ind1=" " ind2=" " tag="959">
    <subfield code="a">2009-08-31 10:31:36 -0500</subfield>
  </datafield>
</record>
